@book{tappy,
    author = "Luc, Tappy",
    title = "Fructose metabolism and noncommunicable diseases: recent findings and new research perspectives",
    year = "2018",
    publisher = ""
    }
@book{markus,
    author = "Markus, C and Rogers, P and Brounds, F and Schepers, R",
    title = "Eating dependencies and weight gain; no human evidence for a 'sugar-addiction' model of overweight",
    year = "2017",
    publisher = ""
    }
@book{macdonald,
    author = "MacDonald, I. A.",
    title = "A review of recent evidence relating to sugars, insulin resistance and diabetes",
    year = "2016",
    publisher = ""
    }
@book{dolan,
    author = "Dolan, L and Potter, S and Burdock, G. A.",
    title = "Evidence-based review on the effect of normal dietary consumption of fructose on blood lipids and body weight of overweight and obese individuals",
    year = "2010",
    publisher = ""
    }
